@misc{Chollet,
author = {Chollet, Fran{\c{c}}ois},
title = {{Building Autoencoders in Keras}},
howpublished = {\url{https://via.hypothes.is/https://blog.keras.io/building-autoencoders-in-keras.html}},
urldate = {November 13, 2016}
}

@misc{Ng,
author = {Ng, Andrew and Ngiam, Jiquan and Foo, Chuan Yu and Mai, Yifan and Suen, Caroline},
title = {{UFLDL Tutorial}},
howpublished = {\url{http://deeplearning.stanford.edu/wiki/index.php/UFLDL_Tutorial}},
urldate = {2016-11-13}
}

@misc{Ghahramani2010,
author = {Ghahramani, Zoubin},
booktitle = {Slides},
file = {:home/hodapp/Ghahramani-lecture2.pdf:pdf},
pages = {1--30},
title = {{Slides - A Tutorial on Gaussian Processes}},
howpublished = {\url{http://www.eurandom.tue.nl/events/workshops/2010/YESIV/Prog-Abstr_files/Ghahramani-lecture2.pdf}},
year = {2010}
}
